<?xml version="1.0" encoding="UTF-8"?><collection xmlns="http://www.loc.gov/MARC21/slim"><record><leader>00493nam--2200121-i-4500</leader><controlfield tag="001">000003108</controlfield><controlfield tag="002">20161230</controlfield><controlfield tag="005">20161230201025</controlfield><controlfield tag="008">060222s1000------------r-----000-0-eng-d</controlfield><datafield ind1=" " ind2=" " tag="245"><subfield code="a">Aero-electronique.applications de lelectroni- que aux techniques de l aviation.communicati- ons-navigations-atterrissage-radar--- l-er congres international 1953-1954.preface du general bergeron</subfield></datafield><datafield ind1=" " ind2=" " tag="260"><subfield code="a">Paris, Dunod, 1955 Xiv+846 P. Cu Fig</subfield></datafield><datafield ind1=" " ind2=" " tag="490"><subfield code="a">Assoc.Pour L Encouregement A La Recherche</subfield></datafield><datafield ind1=" " ind2=" " tag="852"><subfield code="a">12023</subfield></datafield></record></collection>